<mx:record xmlns="http://www.w3.org/TR/xhtml1/strict" xmlns:mx="http://www.loc.gov/MARC21/slim" xmlns:xsi="http://www.w3.org/2001/XMLSchema-instance"><mx:leader>00000nz   2200000n  0000</mx:leader><mx:controlfield tag="001">oca02304470 </mx:controlfield><mx:controlfield tag="005">19880720160457.1</mx:controlfield><mx:controlfield tag="008">880620n| acannaab|          |n aaa |||  </mx:controlfield><mx:datafield ind1=" " ind2=" " tag="010"><mx:subfield code="a">n  85297967</mx:subfield></mx:datafield><mx:datafield ind1=" " ind2=" " tag="040"><mx:subfield code="a">DLC</mx:subfield><mx:subfield code="c">DLC</mx:subfield><mx:subfield code="d">DLC</mx:subfield></mx:datafield><mx:datafield ind1="1" ind2=" " tag="100"><mx:subfield code="a">Atta, Titus Quinctius,</mx:subfield><mx:subfield code="d">d. 77 B.C.</mx:subfield></mx:datafield><mx:datafield ind1=" " ind2=" " tag="670"><mx:subfield code="a">Fabula togata, 1985, c1984- :</mx:subfield><mx:subfield code="b">v. 1, t.p. (Atta) p. 19 (T. Quinctius Atta)</mx:subfield></mx:datafield><mx:datafield ind1=" " ind2=" " tag="670"><mx:subfield code="a">Oxford classical dict.</mx:subfield><mx:subfield code="b">(Atta, Titus Quinctius, Latin poet, d. 77 B.C.; composed comoediae togatae, elegiac epigrams)</mx:subfield></mx:datafield><mx:datafield ind1=" " ind2=" " tag="675"><mx:subfield code="a">Encic. brit.;</mx:subfield><mx:subfield code="a">Encycl. Amer.;</mx:subfield><mx:subfield code="a">Collier&amp;#039;s Encyc.</mx:subfield></mx:datafield></mx:record>